<record><leader>00000cas a22000007a 4500</leader><controlfield tag="001">11663908</controlfield><controlfield tag="008">850206d18511856wiuwr ne      0    0eng c</controlfield><datafield ind1=" " ind2=" " tag="010"><subfield code="a">sn 85040138 </subfield></datafield><datafield ind1=" " ind2=" " tag="040"><subfield code="a">NPV</subfield><subfield code="b">eng</subfield><subfield code="c">NPV</subfield><subfield code="d">DLC</subfield><subfield code="d">NPV</subfield><subfield code="d">OCL</subfield><subfield code="d">DLC</subfield><subfield code="d">OCLCQ</subfield><subfield code="d">OCLCF</subfield></datafield><datafield ind1="1" ind2=" " tag="029"><subfield code="a">AU@</subfield><subfield code="b">000025797141</subfield></datafield><datafield ind1=" " ind2=" " tag="042"><subfield code="a">pcc</subfield></datafield><datafield ind1=" " ind2=" " tag="043"><subfield code="a">n-us-wi</subfield></datafield><datafield ind1="0" ind2="0" tag="050"><subfield code="a">Newspaper 10288</subfield></datafield><datafield ind1="0" ind2="4" tag="082"><subfield code="a">071</subfield></datafield><datafield ind1="0" ind2="0" tag="245"><subfield code="a">Sheboygan lake journal.</subfield></datafield><datafield ind1="1" ind2="7" tag="246"><subfield code="a">Lake journal</subfield></datafield><datafield ind1="1" ind2="3" tag="246"><subfield code="a">Sheboygan journal</subfield></datafield><datafield ind1=" " ind2=" " tag="260"><subfield code="a">Sheboygan, Wis. :</subfield><subfield code="b">F.J. Mills,</subfield><subfield code="c">1851-</subfield></datafield><datafield ind1=" " ind2=" " tag="300"><subfield code="a">v.</subfield></datafield><datafield ind1=" " ind2=" " tag="310"><subfield code="a">Weekly</subfield></datafield><datafield ind1="0" ind2=" " tag="362"><subfield code="a">Vol. 1, no. 1 (July 9, 1851)-</subfield></datafield><datafield ind1="1" ind2=" " tag="362"><subfield code="a">Ceased in June 1856?</subfield></datafield><datafield ind1=" " ind2=" " tag="500"><subfield code="a">Title varies: Sheboygan journal, July 14-&lt;Dec. 29, 1852&gt;.</subfield></datafield><datafield ind1=" " ind2=" " tag="500"><subfield code="a">Publisher varies.</subfield></datafield><datafield ind1=" " ind2=" " tag="515"><subfield code="a">Suspended May-July 7, 1852.</subfield></datafield><datafield ind1=" " ind2="0" tag="651"><subfield code="a">Sheboygan (Wis.)</subfield><subfield code="v">Newspapers.</subfield></datafield><datafield ind1=" " ind2="7" tag="655"><subfield code="a">Newspapers.</subfield><subfield code="2">fast</subfield><subfield code="0">(OCoLC)fst01423814</subfield></datafield><datafield ind1=" " ind2="7" tag="651"><subfield code="a">Wisconsin</subfield><subfield code="z">Sheboygan.</subfield><subfield code="2">fast</subfield><subfield code="0">(OCoLC)fst01202949</subfield></datafield><datafield ind1=" " ind2=" " tag="752"><subfield code="a">United States</subfield><subfield code="b">Wisconsin</subfield><subfield code="c">Sheboygan</subfield><subfield code="d">Sheboygan.</subfield></datafield><datafield ind1="0" ind2="0" tag="780"><subfield code="t">Sheboygan democrat</subfield><subfield code="w">(DLC)sn 85040100</subfield><subfield code="w">(OCoLC)11587687</subfield></datafield><datafield ind1="0" ind2="0" tag="785"><subfield code="t">Sheboygan journal</subfield><subfield code="w">(DLC)sn 85040139</subfield><subfield code="w">(OCoLC)11663671</subfield></datafield></record>